

@misc{HistDrones,
	author = {Victor Delgado},
	title = {Historia de los Drones},
	year = {2016},
	note = {Accessed 19-06-2019},
	howpublished = {\url{{http://eldrone.es/historia-de-los-drones/}}},
}

@misc{HistDrones2,
	author = {IWM Staff},
	title = {A brief history of drones},
	year = {2018},
	note = {Accessed 25-06-2019},
	howpublished = {\url{{https://www.iwm.org.uk/history/a-brief-history-of-drones/}}},
}

@misc{Tipodron,
	author = {Droneymas},
	title = {Tipos de Drone en el mercado},
	year = {2019},
	note = {Accessed 25-08-2019},
	howpublished = {\url{{https://www.droneymas.com/tipos-de-drone//}}},
}
@book{nait2009advanced,
  title={Advanced biosignal processing},
  author={Na{\"\i}t-Ali, Amine},
  year={2009},
  publisher={Springer Science \& Business Media}
}

@article{subramanian2017ecg,
  title={ECG signal classification and parameter estimation using multiwavelet transform},
  author={Subramanian, Balambigai},
  year={2017},
  publisher={Biomedical Research}
}